%% Created using Papers on Thu, 29 Sep 2016.
%% http://papersapp.com/papers/

@book{Basalla:1989wq,
author = {Basalla, George},
title = {{The evolution of technology}},
publisher = {Cambridge University Press},
year = {1989},
read = {Yes},
rating = {0},
date-added = {2016-09-29T02:33:44GMT},
date-modified = {2016-09-29T03:03:00GMT},
uri = {\url{papers3://publication/uuid/596C4E48-4050-404F-BC2B-1C444248DC67}}
}

@article{Hoegl:2001gg,
author = {Hoegl, Martin and Gemuenden, Hans Georg},
title = {{Teamwork Quality and the Success of Innovative Projects: A Theoretical Concept and Empirical Evidence}},
journal = {Organization Science},
year = {2001},
volume = {12},
number = {4},
pages = {435--449},
month = aug,
doi = {10.1287/orsc.12.4.435.10635},
language = {English},
read = {Yes},
rating = {0},
date-added = {2016-09-26T17:19:28GMT},
date-modified = {2016-09-26T17:20:15GMT},
url = {http://pubsonline.informs.org/doi/abs/10.1287/orsc.12.4.435.10635},
local-url = {file://localhost/Users/pierce/Dropbox/Papers%20Library/Library.papers3/Files/E2/E2AA3258-7173-4EE8-AE44-4A453665E658.pdf},
file = {{E2AA3258-7173-4EE8-AE44-4A453665E658.pdf:/Users/pierce/Dropbox/Papers Library/Library.papers3/Files/E2/E2AA3258-7173-4EE8-AE44-4A453665E658.pdf:application/pdf}},
uri = {\url{papers3://publication/doi/10.1287/orsc.12.4.435.10635}}
}

@article{Kirby:2015gi,
author = {Kirby, Simon and Tamariz, Monica and Cornish, Hannah and Smith, Kenny},
title = {{Compression and communication in the cultural evolution of linguistic structure}},
journal = {Cognition},
year = {2015},
volume = {141},
number = {C},
pages = {87--102},
month = aug,
publisher = {Elsevier B.V.},
doi = {10.1016/j.cognition.2015.03.016},
language = {English},
read = {Yes},
rating = {0},
date-added = {2016-09-27T03:05:15GMT},
date-modified = {2016-09-28T12:53:59GMT},
abstract = {Cognition, 141 (2015) 87-102. doi:10.1016/j.cognition.2015.03.016},
url = {http://dx.doi.org/10.1016/j.cognition.2015.03.016},
local-url = {file://localhost/Users/pierce/Dropbox/Papers%20Library/Library.papers3/Files/B2/B295590C-ADEA-4CA3-8E21-9EF640E839CE.pdf},
file = {{B295590C-ADEA-4CA3-8E21-9EF640E839CE.pdf:/Users/pierce/Dropbox/Papers Library/Library.papers3/Files/B2/B295590C-ADEA-4CA3-8E21-9EF640E839CE.pdf:application/pdf}},
uri = {\url{papers3://publication/doi/10.1016/j.cognition.2015.03.016}}
}

@article{Kwan:2011kq,
author = {Kwan, I and Schroter, A and Damian, D},
title = {{Does Socio-Technical Congruence Have an Effect on Software Build Success? A Study of Coordination in a Software Project}},
journal = {IEEE Transactions on Software Engineering},
year = {2011},
volume = {37},
number = {3},
pages = {307--324},
month = may,
annote = {Continuous build processes benefit from high socio-technical congruence.},
doi = {10.1109/TSE.2011.29},
read = {Yes},
rating = {0},
date-added = {2016-09-26T15:20:04GMT},
date-modified = {2016-09-26T16:28:26GMT},
url = {http://ieeexplore.ieee.org/lpdocs/epic03/wrapper.htm?arnumber=5740929},
local-url = {file://localhost/Users/pierce/Dropbox/Papers%20Library/Library.papers3/Files/FE/FE58BCDA-B98B-4655-B90E-BC21B0AF79F7.pdf},
file = {{FE58BCDA-B98B-4655-B90E-BC21B0AF79F7.pdf:/Users/pierce/Dropbox/Papers Library/Library.papers3/Files/FE/FE58BCDA-B98B-4655-B90E-BC21B0AF79F7.pdf:application/pdf;FE58BCDA-B98B-4655-B90E-BC21B0AF79F7.pdf:/Users/pierce/Dropbox/Papers Library/Library.papers3/Files/FE/FE58BCDA-B98B-4655-B90E-BC21B0AF79F7.pdf:application/pdf}},
uri = {\url{papers3://publication/doi/10.1109/TSE.2011.29}}
}

@article{Syeed:2013kw,
author = {Syeed, MMM and Hammouda, I},
title = {{Socio-technical Congruence in OSS Projects: Exploring Conway's Law in FreeBSD}},
journal = {{\ldots} International Conference on Open Source {\ldots}},
year = {2013},
volume = {404},
number = {Chapter 8},
pages = {109--126},
address = {Berlin, Heidelberg},
publisher = {Springer Berlin Heidelberg},
doi = {10.1007/978-3-642-38928-3_8},
isbn = {978-3-642-38927-6},
read = {Yes},
rating = {0},
date-added = {2016-09-26T03:18:25GMT},
date-modified = {2016-09-28T12:53:43GMT},
abstract = {Abstract Software development requires effective communication, coordination and collaboration among developers working on interdependent modules of the same project. The need for coordination is even more evident in open source projects where ...
},
url = {http://link.springer.com/10.1007/978-3-642-38928-3_8},
local-url = {file://localhost/Users/pierce/Dropbox/Papers%20Library/Library.papers3/Files/FA/FA0ADE9F-E6C7-4AEA-B58E-2B3CF6047F17.pdf},
file = {{FA0ADE9F-E6C7-4AEA-B58E-2B3CF6047F17.pdf:/Users/pierce/Dropbox/Papers Library/Library.papers3/Files/FA/FA0ADE9F-E6C7-4AEA-B58E-2B3CF6047F17.pdf:application/pdf;FA0ADE9F-E6C7-4AEA-B58E-2B3CF6047F17.pdf:/Users/pierce/Dropbox/Papers Library/Library.papers3/Files/FA/FA0ADE9F-E6C7-4AEA-B58E-2B3CF6047F17.pdf:application/pdf}},
uri = {\url{papers3://publication/doi/10.1007/978-3-642-38928-3_8}}
}

@inproceedings{Nagappan:2008um,
author = {Nagappan, Nachiappan and Murphy, Brendan and Basili, Victor},
title = {{The influence of organizational structure on software quality: an empirical case study}},
booktitle = {Proceedings of the 30th international conference on software engineering},
year = {2008},
pages = {521--530},
publisher = {ACM},
address = {New York, New York, USA},
month = may,
doi = {10.1145/1368088.1368160},
isbn = {978-1-60558-079-1},
read = {Yes},
rating = {0},
date-added = {2016-09-26T17:00:06GMT},
date-modified = {2016-09-26T17:00:58GMT},
abstract = {Abstract Often software systems are developed by organizations consisting of many teams of individuals working together. Brooks states in the Mythical Man Month book that product quality is strongly affected by organization structure. Unfortunately there has been little ...
},
url = {http://portal.acm.org/citation.cfm?doid=1368088.1368160},
local-url = {file://localhost/Users/pierce/Dropbox/Papers%20Library/Library.papers3/Files/5C/5C62F0E2-0A58-4CCC-A24E-A23DF4FEC288.pdf},
file = {{5C62F0E2-0A58-4CCC-A24E-A23DF4FEC288.pdf:/Users/pierce/Dropbox/Papers Library/Library.papers3/Files/5C/5C62F0E2-0A58-4CCC-A24E-A23DF4FEC288.pdf:application/pdf;5C62F0E2-0A58-4CCC-A24E-A23DF4FEC288.pdf:/Users/pierce/Dropbox/Papers Library/Library.papers3/Files/5C/5C62F0E2-0A58-4CCC-A24E-A23DF4FEC288.pdf:application/pdf}},
uri = {\url{papers3://publication/doi/10.1145/1368088.1368160}}
}

@article{Hunt:2003dj,
author = {Hunt, G R and Gray, R D},
title = {{Diversification and cumulative evolution in New Caledonian crow tool manufacture}},
journal = {Proceedings. Biological sciences / The Royal Society},
year = {2003},
volume = {270},
number = {1517},
pages = {867--874},
month = apr,
doi = {10.1098/rspb.2002.2302},
language = {English},
read = {Yes},
rating = {0},
date-added = {2016-09-26T20:15:16GMT},
date-modified = {2016-09-29T02:32:15GMT},
url = {http://rspb.royalsocietypublishing.org/cgi/doi/10.1098/rspb.2002.2302},
local-url = {file://localhost/Users/pierce/Dropbox/Papers%20Library/Library.papers3/Files/5D/5DD08A5B-5EC3-4ABE-AB8B-8954381335C0.pdf},
file = {{5DD08A5B-5EC3-4ABE-AB8B-8954381335C0.pdf:/Users/pierce/Dropbox/Papers Library/Library.papers3/Files/5D/5DD08A5B-5EC3-4ABE-AB8B-8954381335C0.pdf:application/pdf}},
uri = {\url{papers3://publication/doi/10.1098/rspb.2002.2302}}
}

